@book{Harrington2013,
  title={机器学习实战},
  author={Harrington, Peter},
  year={2013},
}
@article{zhoufeiyan,
  title={卷积神经网络研究综述},
  author={周飞燕 and 金林鹏 and 董军},
  journal={计算机学报},
  number={6},
}
@inproceedings{long2018textsnake,
  title={Textsnake: A flexible representation for detecting text of arbitrary shapes},
  author={Long, Shangbang and Ruan, Jiaqiang and Zhang, Wenjie and He, Xin and Wu, Wenhao and Yao, Cong},
  booktitle={Proceedings of the European Conference on Computer Vision (ECCV)},
  pages={20--36},
  year={2018}
}